@article{CA2009,
  title={Fast local algorithms for large scale nonnegative matrix and tensor factorizations},
  author={Cichocki, Andrzej and Anh-Huy, Phan},
  journal={IEICE Transactions on Fundamentals of Electronics, Communications and Computer Sciences},
  volume={92},
  number={3},
  pages={708--721},
  year={2009},
  publisher={The Institute of Electronics, Information and Communication Engineers}
}

@Article{DH11,
  author     = {Davis, Timothy A. and Hu, Yifan},
  title      = {The {University of Florida} Sparse Matrix Collection},
  journal    = {ACM Trans. Math. Softw.},
  year       = {2011},
  volume     = {38},
  number     = {1},
  pages      = {1:1--1:25},
  month      = dec,
  acmid      = {2049663},
  address    = {New York, NY, USA},
  articleno  = {1},
  doi        = {10.1145/2049662.2049663},
  file       = {:DH11.pdf:PDF},
  issn       = {0098-3500},
  issue_date = {November 2011},
  numpages   = {25},
  publisher  = {ACM},
  url        = {http://doi.acm.org/10.1145/2049662.2049663},
}


@inproceedings{KBP16,
  author = {Kannan, Ramakrishnan and Ballard, Grey and Park, Haesun},
  title = {A High-performance Parallel Algorithm for Nonnegative Matrix Factorization},
  booktitle = {Proceedings of the 21st ACM SIGPLAN Symposium on PPoPP},
  publisher = {ACM},
  address = {New York, NY, USA},
  month = {February},
  year = {2016},
  series = {PPoPP '16},
  pages = {9:1--9:11},
  url = {http://doi.acm.org/10.1145/2851141.2851152}
}

@InProceedings{SF14,
  author    = {D. L. Sun and C. F\'{e}votte},
  title     = {Alternating direction method of multipliers for non-negative matrix factorization with the beta-divergence},
  booktitle = {2014 IEEE ICASSP},
  year      = {2014},
  pages     = {6201-6205},
  month     = {May},
  doi       = {10.1109/ICASSP.2014.6854796},
  issn      = {1520-6149},
}

@Article{GTLY12,
  author  = {N. Guan and D. Tao and Z. Luo and B. Yuan},
  title   = {NeNMF: An Optimal Gradient Method for Nonnegative Matrix Factorization},
  journal = {IEEE Transactions on Signal Processing},
  year    = {2012},
  volume  = {60},
  number  = {6},
  pages   = {2882-2898},
  month   = {June},
  doi     = {10.1109/TSP.2012.2190406},
  file    = {:GTLY12.pdf:PDF},
  issn    = {1053-587X},
}

@inproceedings{ZCFSS10,
 author = {Zaharia, Matei and Chowdhury, Mosharaf and Franklin, Michael J. and Shenker, Scott and Stoica, Ion},
 title = {Spark: Cluster Computing with Working Sets},
 booktitle = {Proceedings of the 2nd USENIX Conference on Hot Topics in Cloud Computing},
 series = {HotCloud'10},
 year = {2010},
 location = {Boston, MA},
 pages = {10--10},
 numpages = {1},
 url = {http://dl.acm.org/citation.cfm?id=1863103.1863113},
 acmid = {1863113},
 publisher = {USENIX Association},
} 

@article{berry2007algorithms,
  title={Algorithms and applications for approximate nonnegative matrix factorization},
  author={Berry, Michael W and Browne, Murray and Langville, Amy N and Pauca, V Paul and Plemmons, Robert J},
  journal={Computational Statistics \& Data Analysis},
  volume={52},
  number={1},
  pages={155--173},
  year={2007},
  publisher={Elsevier}
}

@article{Ho2008,
  author    = {Ngoc{-}Diep Ho and
               Paul Van Dooren and
               Vincent D. Blondel},
  title     = {Descent methods for Nonnegative Matrix Factorization},
  journal   = {CoRR},
  volume    = {abs/0801.3199},
  year      = {2008},
  url       = {http://arxiv.org/abs/0801.3199},
  archivePrefix = {arXiv},
  eprint    = {0801.3199},
  timestamp = {Wed, 07 Jun 2017 14:41:01 +0200},
  biburl    = {http://dblp.org/rec/bib/journals/corr/abs-0801-3199},
  bibsource = {dblp computer science bibliography, http://dblp.org}
}

@article{bertsekas1999nonlinear,
  title={Nonlinear programming},
  author={Bertsekas, Dimitri P},
  year={1999},
  publisher={Athena Scientific}
}

@article{boyd2011distributed,
  title={Distributed optimization and statistical learning via the alternating direction method of multipliers},
  author={Boyd, S. and Parikh, N. and Chu, E. and Peleato, B. and Eckstein, J.},
  journal={Foundations and Trends{\textregistered} in Machine Learning},
  volume={3},
  number={1},
  pages={1--122},
  year={2011},
  publisher={Now Publishers Inc.}
}

@ARTICLE{cai2005document,
        AUTHOR = {Deng Cai and Xiaofei He and Jiawei Han},
        TITLE = {Document Clustering Using Locality Preserving Indexing},
        JOURNAL = {IEEE TKDE},
        YEAR = {2005},
        volume = {17},
        number = {12},
        pages = {1624-1637},
        month = {December},}

@book{cichocki2009nonnegative,
  title={Nonnegative matrix and tensor factorizations: applications to exploratory multi-way data analysis and blind source separation},
  author={Cichocki, Andrzej and Zdunek, Rafal and Phan, Anh Huy and Amari, Shun-ichi},
  year={2009},
  publisher={Wiley}
}

@inproceedings{das2007google,
  title={Google news personalization: scalable online collaborative filtering},
  author={Das, Abhinandan S and Datar, Mayur and Garg, Ashutosh and Rajaram, Shyam},
  booktitle={Proceedings of the WWW},
  pages={271--280},
  year={2007},
  organization={ACM}
}

@inproceedings{duchi2008efficient,
  title={Efficient projections onto the l1-ball for learning in high dimensions},
  author={Duchi, J. and Shalev-Shwartz, S. and Singer, Y. and Chandra, T.},
  booktitle={Proceedings of the ICML},
  pages={272--279},
  year={2008}
}

@inproceedings{gemulla2011large,
  title={Large-scale matrix factorization with distributed stochastic gradient descent},
  author={Gemulla, Rainer and Nijkamp, Erik and Haas, Peter J and Sismanis, Yannis},
  booktitle={Proceedings of the KDD},
  pages={69--77},
  year={2011},
  url={http://dx.doi.org/10.1145/2020408.2020426},
  organization={ACM}
}

@article{gillis2010nonnegative,
  title={Nonnegative factorization and the maximum edge biclique problem},
  JOURNAL = {CORE discussion paper},
  author={Gillis, Nicolas and Glineur, Fran{\c{c}}ois},
  year={2010}
}

@ONLINE{goldberg2003jester,
author = {Goldberg, K.},
title = {Jester collaborative filtering dataset},
month = jun,
year = {2003},
url = {http://goldberg.berkeley.edu/jester-data/}
}

@incollection{ho2011descent,
  title={Descent methods for nonnegative matrix factorization},
  author={Ho, Ngoc-Diep and Van Dooren, Paul and Blondel, Vincent D},
  booktitle={Numerical Linear Algebra in Signals, Systems and Control},
  pages={251--293},
  year={2011},
  publisher={Springer}
}

@article{hoyer2004non,
  title={Non-negative matrix factorization with sparseness constraints},
  author={Hoyer, Patrik O},
  journal={JMLR},
  volume={5},
  pages={1457--1469},
  year={2004},
  url={www.jmlr.org/papers/volume5/hoyer04a/hoyer04a.pdf},
  publisher={JMLR. org}
}

@inproceedings{kannan2012bounded,
  title={Bounded Matrix Low Rank Approximation},
  author={Kannan, Ramakrishnan and Ishteva, Mariya and Park, Haesun},
  booktitle={IEEE ICDM},
  pages={319--328},
  year={2012},
  organization={IEEE}
}

@article{kim2007sparse,
  title={Sparse non-negative matrix factorizations via alternating non-negativity-constrained least squares for microarray data analysis},
  author={Kim, Hyunsoo and Park, Haesun},
  journal={Bioinformatics},
  volume={23},
  number={12},
  pages={1495--1502},
  year={2007},
  url={http://dx.doi.org/10.1093/bioinformatics/btm134},
  publisher={Oxford Univ Press}
}

@article{kim2008nonnegative,
  title={Nonnegative matrix factorization based on alternating nonnegativity constrained least squares and active set method},
  author={Kim, H. and Park, H.},
  journal={SIAM Journal on Matrix Analysis and Applications},
  volume={30},
  number={2},
  pages={713--730},
  year={2008},
  publisher={SIAM}
}

@article{kim2012fast,
  title={Fast Nonnegative Tensor Factorization with an Active-Set-Like Method},
  author={Kim, J. and Park, H.},
  journal={High-Performance Scientific Computing},
  pages={311--326},
  year={2012},
  publisher={Springer}
}

@article{kim2013nonnegative,
  title={Algorithms for nonnegative matrix and tensor factorizations: A unified view based on block coordinate descent framework},
  author={Kim, Jingu and He, Yunlong and Park, Haesun},
  journal={Journal of Global Optimization},
  volume={58},
  number={2},
  pages={285--319},
  year={2014},
  url={http://dx.doi.org/10.1007/s10898-013-0035-4},
  publisher={Springer}
}

@inproceedings{korattikara2011statistical,
  title={Statistical optimization of non-negative matrix factorization},
  author={Korattikara, Anoop and Boyles, Levi and Welling, Max and Kim, Jingu and Park, Haesun},
  booktitle={Proceedings of AISTATS, JMLR: W \&CP},
  volume={15},
  pages={128--136},
  year={2011}
}

@inproceedings{kuang2012symmetric,
  title={Symmetric nonnegative matrix factorization for graph clustering},
  author={Kuang, Da and Ding, Chris and Park, Haesun},
  booktitle={Proceedings of SDM},
  pages={106--117},
  url={http://epubs.siam.org/doi/pdf/10.1137/1.9781611972825.10},
  year={2012}
}

@inproceedings{liu2010distributed,
  title={Distributed nonnegative matrix factorization for web-scale dyadic data analysis on {MapReduce}},
  author={Liu, Chao and Yang, Hung-chih and Fan, Jinliang and He, Li-Wei and Wang, Yi-Min},
  booktitle={Proceedings of the WWW},
  pages={681--690},
  year={2010},
  url={http://dx.doi.org/10.1145/1772690.1772760},
  organization={ACM}
}


@article{liao2014cloudnmf,
  title={{CloudNMF}: A {MapReduce} Implementation of Nonnegative Matrix Factorization for Large-scale Biological Datasets},
  author={Liao, Ruiqi and Zhang, Yifan and Guan, Jihong and Zhou, Shuigeng},
  journal={Genomics, proteomics \& bioinformatics},
  volume={12},
  number={1},
  pages={48--51},
  year={2014},
  url={http://dx.doi.org/10.1016/j.gpb.2013.06.001},
  publisher={Elsevier}
}

@article{luk1989proof,
  title={A proof of convergence for two parallel Jacobi SVD algorithms},
  author={Luk, Franklin T. and Park, Haesun},
  journal={IEEE Transactions on Computers},
  volume={38},
  number={6},
  pages={806--811},
  year={1989},
  publisher={IEEE}
}

@article{luk1989parallel,
  title={On parallel Jacobi orderings},
  author={Luk, Franklin T and Park, Haesun},
  journal={SIAM Journal on Scientific and Statistical Computing},
  volume={10},
  number={1},
  pages={18--26},
  year={1989},
  publisher={SIAM}
}

@article{mann2009efficient,
  title={Efficient large-scale distributed training of conditional maximum entropy models},
  author={Mann, Gideon and McDonald, Ryan and Mohri, Mehryar and Silberman, Nathan and Walker, Dan},
  journal={Advances in NIPS},
  volume={22},
  pages={1231--1239},
  year={2009}
}

@article{mota2012d,
  title={D-ADMM: A communication-efficient distributed algorithm for separable optimization},
  author={Mota, J.F.C. and Xavier, J.M.F. and Aguiar, P.M.Q. and P{\"u}schel, M.},
  journal={arXiv preprint arXiv:1202.2805},
  year={2012}
}

@book{murty1988linear,
  title={Linear complementarity, linear and nonlinear programming},
  author={Murty, Katta G},
  year={1988},
  publisher={Heldermann Berlin}
}

@misc{nedic2010cooperative,
  title={Cooperative distributed multi-agent optimization},
  author={Nedic, Angelia and Ozdaglar, Asuman},
  journal={Convex Optimization in Signal Processing and Communications},
  pages={340--386},
  year={2010},
  publisher={Cambridge University Press}
}

@book{nocedal1999numerical,
  title={Numerical optimization},
  author={Nocedal, Jorge and Wright, Stephen J},
  year={1999},
  publisher={Springer verlag}
}

@inproceedings{pauca2004text,
 title={Text mining using non-negative matrix factorizations},
  author={Pauca, V Paul and Shahnaz, Farial and Berry, Michael W and Plemmons, Robert J},
  booktitle={Proceedings of the 2004 SIAM International Conference on Data Mining},
  pages={452--456},
  year={2004},
  organization={SIAM}
}

@article{pauca2006nonnegative,
  title={Nonnegative matrix factorization for spectral data analysis},
  author={Pauca, V Paul and Piper, J and Plemmons, Robert J},
  journal={Linear Algebra and its Applications},
  volume={416},
  number={1},
  pages={29--47},
  year={2006},
  publisher={Elsevier}
}

@article{Poulson2012elemental,
  author = "Jack Poulson and Bryan Marker and Robert A. van de Geijn and
            Jeff R. Hammond and Nichols A. Romero",
  title = "Elemental: A New Framework for Distributed Memory Dense Matrix 
           Computations",
  journal = "{ACM} Transactions on Mathematical Software",
  volume = 39,
  number = 2,
  accepted = "14 February 2012",
  upcoming = "true" 
}

@article{seung2001algorithms,
  title={Algorithms for non-negative matrix factorization},
  author={Seung, D. and Lee, L.},
  journal={NIPS},
  volume={13},
  pages={556--562},
  year={2001}
}

@article{shen2010robust,
  title={Robust Nonnegative Matrix Factorization via $\ell_1$ Norm Regularization},
  author={Bin Shen and Luo Si and  Rongrong Ji and  Baodi Liu},
  journal={preprint},
  year={2012}
}

@PHDTHESIS{sung96,
AUTHOR = {K.-K. Sung},
TITLE = {Learning and Example Selection for Object and Pattern Recognition},
SCHOOL = { MIT, Artificial Intelligence Laboratory and Center for Biological
and Computational Learning},
ADDRESS = {Cambridge, MA},
YEAR = {1996}
}

@article{zhang2010alternating,
  title={An alternating direction algorithm for nonnegative matrix factorization},
  author={Zhang, Y.},
  journal={preprint},
  year={2010}
}


@incollection{zhou2008large,
  title={Large-scale parallel collaborative filtering for the netflix prize},
  author={Zhou, Yunhong and Wilkinson, Dennis and Schreiber, Robert and Pan, Rong},
  booktitle={Algorithmic Aspects in Information and Management},
  pages={337--348},
  year={2008},
  publisher={Springer}
}

@article{kim2011fast,
  title={Fast nonnegative matrix factorization: An active-set-like method and comparisons},
  author={Kim, Jingu and Park, Haesun},
  journal={SIAM Journal on Scientific Computing},
  volume={33},
  number={6},
  pages={3261--3281},
  year={2011},
  url={http://dx.doi.org/10.1137/110821172},
  publisher={SIAM}
}

@inproceedings{Faloutsos2014,
author = {Christos Faloutsos and Alex Beutel and Eric P. Xing and Evangelos E. Papalexakis and Abhimanu Kumar and Partha Pratim Talukdar},
title = {{Flexi-FaCT}: Scalable Flexible Factorization of Coupled Tensors on {Hadoop}},
booktitle = {Proceedings of the SDM},
chapter = {13},
year={2014},
pages = {109-117},
URL = {http://epubs.siam.org/doi/abs/10.1137/1.9781611973440.13},
eprint = {http://epubs.siam.org/doi/pdf/10.1137/1.9781611973440.13}
}

@article{xiong2013survey, 
author={Yu-Xiong Wang and Yu-Jin Zhang}, 
journal={TKDE}, 
title={Nonnegative Matrix Factorization: A Comprehensive Review}, 
year={2013}, 
month={June}, 
volume={25}, 
number={6}, 
pages={1336-1353}, 
keywords={matrix decomposition;BNMF;CNMF;GNMF;SNMF;basic NMF;constrained NMF;dimensionality reduction;generalized NMF;nonnegative matrix factorization;nonnegativity constraint;parts-based representation;structured NMF;Algorithm design and analysis;Data analysis;Matrix decomposition;Optimization;Semantics;Signal processing algorithms;Vectors;Data mining;dimensionality reduction;multivariate data analysis;nonnegative matrix factorization (NMF)}, 
url={http://dx.doi.org/10.1109/TKDE.2012.51},
}

@inproceedings{Boldi2004,
 author = {Boldi, P. and Vigna, S.},
 title = {The Webgraph Framework {I}: Compression Techniques},
 booktitle = {Proceedings of the},
 series = {WWW '04},
 year = {2004},
 isbn = {1-58113-844-X},
 pages = {595--602},
 numpages = {8},
 url = {http://doi.acm.org/10.1145/988672.988752},
 acmid = {988752},
 address = {New York, NY, USA},
 keywords = {compression, web graph},
} 

@inproceedings{Yin2014,
year={2014},
booktitle={Machine Learning and Knowledge Discovery in Databases},
volume={8726},
series={LNCS},
title={Scalable Nonnegative Matrix Factorization with Block-wise Updates},
author={Yin, Jiangtao and Gao, Lixin and Zhang, Zhongfei(Mark)},
pages={337-352},
url={http://dx.doi.org/10.1007/978-3-662-44845-8_22},
}

@Article{CH+07,
  Title                    = {Collective communication: theory, practice, and experience},
  Author                   = {Chan, E. and Heimlich, M. and Purkayastha, A. and van de Geijn, R.},
  Journal                  = {Concurrency and Computation: Practice and Experience},
  Year                     = {2007},
  Number                   = {13},
  Pages                    = {1749--1783},
  Volume                   = {19},
  Keywords                 = {collective communication, distributed-memory architecture, clusters},
  Publisher                = {John Wiley \& Sons, Ltd.},
  Url                      = {http://dx.doi.org/10.1002/cpe.1206}
}

@InProceedings{DE+13,
  Title                    = {Communication-Optimal Parallel Recursive Rectangular Matrix Multiplication},
  Author                   = {Demmel, J. and Eliahu, D. and Fox, A. and Kamil, S. and Lipshitz, B. and Schwartz, O. and Spillinger, O.},
  Booktitle                = {Proceedings of IPDPS},
  Year                     = {2013},
  Pages                    = {261--272},
  Url                      = {http://dx.doi.org/10.1109/IPDPS.2013.80},
  ISSN                     = {1530-2075}
}

@Article{TRG05,
  Title                    = {Optimization of Collective Communication Operations in {MPICH}},
  Author                   = {Thakur, Rajeev and Rabenseifner, Rolf and Gropp, William},
  Journal                  = {International Journal of High Performance Computing Applications},
  Year                     = {2005},
  Number                   = {1},
  Pages                    = {49--66},
  Volume                   = {19},

  Eprint                   = {http://hpc.sagepub.com/content/19/1/49.full.pdf+html},
  Url                      = {http://hpc.sagepub.com/content/19/1/49.abstract}
}

@inproceedings{BDKS15,
 author = {Ballard, Grey and Druinsky, Alex and Knight, Nicholas and Schwartz, Oded},
 title = {Brief Announcement: Hypergraph Partitioning for Parallel Sparse Matrix-Matrix Multiplication},
 booktitle = {Proceedings of SPAA},
 year = {2015},
 pages = {86--88},
 numpages = {3},
 url = {http://doi.acm.org/10.1145/2755573.2755613},
 acmid = {2755613},
} 

@InProceedings{KU15,
  Title                    = {Scalable Sparse Tensor Decompositions in Distributed Memory Systems},
  Author                   = {Kaya, Oguz and U\c{c}ar, Bora},
  Booktitle                = {Proceedings of SC},
  Year                     = {2015},
  Pages                    = {77:1--77:11},
  Publisher                = {ACM},
  Acmid                    = {2807624},
  Articleno                = {77},
  Numpages                 = {11},
  Url                      = {http://doi.acm.org/10.1145/2807591.2807624}
}

@article{Williams2009,
author = {Samuel Williams and Leonid Oliker and Richard Vuduc and John Shalf and Katherine Yelick and James Demmel},
title = {Optimization of sparse matrix-vector multiplication on emerging multicore platforms },
journal = {Parallel Computing },
volume = {35},
number = {3},
pages = {178 - 194},
year = {2009}
}

@article{Fairbanks2015,
  author    = {James P. Fairbanks and
               Ramakrishnan Kannan and
               Haesun Park and
               David A. Bader},
  title     = {Behavioral clusters in dynamic graphs},
  journal   = {Parallel Computing},
  volume    = {47},
  pages     = {38--50},
  year      = {2015},
  url       = {http://dx.doi.org/10.1016/j.parco.2015.03.002}
}

@article{Fujimoto2014,
  title={A Dynamic Data Driven Application System for Vehicle Tracking},
  author={Fujimoto, Richard and Guin, Angshuman and Hunter, Michael and Park, Haesun and Kanitkar, Gaurav and Kannan, Ramakrishnan and Milholen, Michael and Neal, SaBra and Pecher, Philip},
  journal={Procedia Computer Science},
  volume={29},
  pages={1203--1215},
  year={2014},
  publisher={Elsevier},
  url={http://dx.doi.org/10.1016/j.procs.2014.05.108}
}

@article{kuang2013symnmf,
  title={{SymNMF}: nonnegative low-rank approximation of a similarity matrix for graph clustering},
  author={Kuang, Da and Yun, Sangwoon and Park, Haesun},
  journal={Journal of Global Optimization},
  pages={1--30},
  year={2013},
  url={http://dx.doi.org/10.1007/s10898-014-0247-2},
  publisher={Springer}
}

@inproceedings{Grove2014,
 author = {Grove, David and Milthorpe, Josh and Tardieu, Olivier},
 title = {Supporting Array Programming in {X10}},
 booktitle = {Proceedings of ACM SIGPLAN International Workshop on Libraries, Languages, and Compilers for Array Programming},
 series = {ARRAY'14},
 year = {2014},
 pages = {38:38--38:43},
 articleno = {38},
 numpages = {6},
 url = {http://doi.acm.org/10.1145/2627373.2627380},
 acmid = {2627380},
}

@article{mejia2015nmf,
  title={{NMF-mGPU}: non-negative matrix factorization on multi-{GPU} systems},
  author={Mej{\'\i}a-Roa, Edgardo and Tabas-Madrid, Daniel and Setoain, Javier and Garc{\'\i}a, Carlos and Tirado, Francisco and Pascual-Montano, Alberto},
  journal={BMC bioinformatics},
  volume={16},
  number={1},
  pages={43},
  year={2015},
  url={http://dx.doi.org/10.1186/s12859-015-0485-4},
  publisher={BioMed Central Ltd}
}

@techreport{sanderson2010,
title={Armadillo: An Open Source {C++} Linear Algebra Library for Fast Prototyping and
Computationally Intensive Experiments},
author={Sanderson, Conrad},
institution={NICTA},
url={http://arma.sourceforge.net/armadillo_nicta_2010.pdf},
year={2010}
}

@misc{xianyi2015,
author = {Zhang Xianyi},
title = {OpenBLAS},
year = {Last Accessed 03-Dec-2015},
url = {http://www.openblas.net}
}

@misc{meng2015mllib,
    author = {Meng, Xiangrui and Bradley, Joseph and Yavuz, Burak and Sparks, Evan and Venkataraman, Shivaram and Liu, Davies and Freeman, Jeremy and Tsai, D. B. and Amde, Manish and Owen, Sean and Xin, Doris and Xin, Reynold and Franklin, Michael J. and Zadeh, Reza and Zaharia, Matei and Talwalkar, Ameet},
    day = {26},
    eprint = {1505.06807},
    keywords = {bigdata, parallel, programming},
    month = may,
    posted-at = {2015-06-02 20:05:39},
    priority = {2},
    title = {{MLlib: Machine Learning in Apache Spark}},
    url = {http://arxiv.org/abs/1505.06807},
    year = {2015}
}

@article{low2012,
 author = {Low, Yucheng and Bickson, Danny and Gonzalez, Joseph and Guestrin, Carlos and Kyrola, Aapo and Hellerstein, Joseph M.},
 title = {Distributed {GraphLab}: A Framework for Machine Learning and Data Mining in the Cloud},
 journal = {Proc. VLDB Endow.},
 issue_date = {April 2012},
 volume = {5},
 number = {8},
 month = apr,
 year = {2012},
 issn = {2150-8097},
 pages = {716--727},
 numpages = {12},
 url = {http://dx.doi.org/10.14778/2212351.2212354},
 acmid = {2212354},
 publisher = {VLDB Endowment},
}

@inproceedings{satish2014,
  title={Navigating the maze of graph analytics frameworks using massive graph datasets},
  author={Satish, Nadathur and Sundaram, Narayanan and Patwary, Md Mostofa Ali and Seo, Jiwon and Park, Jongsoo and Hassaan, M Amber and Sengupta, Shubho and Yin, Zhaoming and Dubey, Pradeep},
  booktitle={Proceedings of the 2014 ACM SIGMOD international conference on Management of data},
  pages={979--990},
  year={2014},
  organization={ACM}
}

@article{yun2014,
  title={NOMAD: Non-locking, stOchastic Multi-machine algorithm for Asynchronous and Decentralized matrix completion},
  author={Yun, Hyokun and Yu, Hsiang-Fu and Hsieh, Cho-Jui and Vishwanathan, SVN and Dhillon, Inderjit},
  journal={Proceedings of the VLDB Endowment},
  volume={7},
  number={11},
  pages={975--986},
  year={2014},
  publisher={VLDB Endowment}
}

@article{BSJJZ2015,
  title={Decomposition into low-rank plus additive matrices for background/foreground separation: A review for a comparative evaluation with a large-scale dataset},
   author    = {Thierry Bouwmans and
               Andrews Sobral and
               Sajid Javed and
               Soon Ki Jung and
               El{-}Hadi Zahzah},
  title     = {Decomposition into Low-rank plus Additive Matrices for Background/Foreground
               Separation: {A} Review for a Comparative Evaluation with a Large-Scale
               Dataset},
  journal   = {CoRR},
  volume    = {abs/1511.01245},
  year      = {2015},
  url       = {http://arxiv.org/abs/1511.01245},
  archivePrefix = {arXiv},
  eprint    = {1511.01245},
  timestamp = {Wed, 07 Jun 2017 14:42:39 +0200},
  biburl    = {http://dblp.org/rec/bib/journals/corr/BouwmansSJJZ15},
  bibsource = {dblp computer science bibliography, http://dblp.org}
}

@inproceedings{NLGB2010,
  title={Automatic evaluation of topic coherence},
  author={Newman, David and Lau, Jey Han and Grieser, Karl and Baldwin, Timothy},
  booktitle={Human Language Technologies: The 2010 Annual Conference of the North American Chapter of the Association for Computational Linguistics},
  pages={100--108},
  year={2010},
  organization={Association for Computational Linguistics}
}

@article{B2014,
title = "Traditional and recent approaches in background modeling for foreground detection: An overview ",
journal = "Computer Science Review ",
volume = "11-12",
number = "",
pages = "31 - 66",
year = "2014",
note = "",
issn = "1574-0137",
author = "Thierry Bouwmans",
}

@inproceedings{ZT2011,
  title={Godec: Randomized low-rank \& sparse matrix decomposition in noisy case},
  author={Zhou, Tianyi and Tao, Dacheng},
  booktitle={Proceedings of the ICML},
  pages={33--40},
  year={2011}
}

@inproceedings{AGM2012,
  title={Learning topic models--going beyond SVD},
  author={Arora, Sanjeev and Ge, Rong and Moitra, Ankur},
  booktitle={Symposiums on FOCS},
  pages={1--10},
  year={2012},
  organization={IEEE}
}

@article{AGHKT2014,
  title={Tensor decompositions for learning latent variable models.},
  author={Anandkumar, Animashree and Ge, Rong and Hsu, Daniel and Kakade, Sham M and Telgarsky, Matus},
  journal={JMLR},
  volume={15},
  number={1},
  pages={2773--2832},
  year={2014}
}

@inproceedings{KJJCH2015,
  author    = {Hannah Kim and
               Jaegul Choo and
               Jingu Kim and
               Chandan K. Reddy and
               Haesun Park},
  title     = {Simultaneous Discovery of Common and Discriminative Topics via Joint
               Nonnegative Matrix Factorization},
  booktitle = {Proceedings of the KDD},
  pages     = {567--576},
  year      = {2015},
  url       = {http://doi.acm.org/10.1145/2783258.2783338},
  doi       = {10.1145/2783258.2783338},
}

@misc{stkxchngdataset,
author = {Stack Exchange Inc},
title = {Stack Exchange},
year = {Last Accessed 26-Jun-2017},
url = {https://archive.org/details/stackexchange}
}

@inproceedings{LB2002,
 author = {Loper, Edward and Bird, Steven},
 title = {NLTK: The Natural Language Toolkit},
 booktitle = {Proceedings of the ACL-02 Workshop on Effective Tools and Methodologies for Teaching Natural Language Processing and Computational Linguistics - Volume 1},
 series = {ETMTNLP '02},
 year = {2002},
 location = {Philadelphia, Pennsylvania},
 pages = {63--70},
 numpages = {8},
 url = {www.nltk.org},
 doi = {10.3115/1118108.1118117},
 acmid = {1118117},
} 

@article{XY2013,
  title={A block coordinate descent method for regularized multiconvex optimization with applications to nonnegative tensor factorization and completion},
  author={Xu, Yangyang and Yin, Wotao},
  journal={SIAM Journal on Imaging Sciences},
  volume={6},
  number={3},
  pages={1758--1789},
  year={2013},
  publisher={SIAM},
  doi = {10.1137/120887795},
}

@inproceedings{BLRG14, 
title={Scalable methods for nonnegative matrix factorizations of near-separable tall-and-skinny matrices}, 
author={Benson, Austin R and Lee, Jason D and Rajwa, Bartek and Gleich, David F}, 
booktitle={Advances in Neural Information Processing Systems}, 
pages={945--953}, 
year={2014} }

@ARTICLE{HSL2016, 
author={K. Huang and N. D. Sidiropoulos and A. P. Liavas}, 
journal={IEEE Transactions on Signal Processing}, 
title={A Flexible and Efficient Algorithmic Framework for Constrained Matrix and Tensor Factorization}, 
year={2016}, 
volume={64}, 
number={19}, 
pages={5052-5065}, 
keywords={matrix decomposition;signal processing;tensors;AO-ADMM;alternating direction method;alternating optimization;block coordinate descent-type methods;computation caching;dictionary learning;general algorithmic framework;machine learning;matrix factorization;matrix/tensor completion;multipliers;non-negative matrix;signal processing;tensor factorization;Complexity theory;Loss measurement;Matrix decomposition;Optimization;Signal processing;Signal processing algorithms;Tensile stress;Constrained matrix/tensor factorization;PARAFAC;alternating direction method of multipliers;alternating optimization;canonical polyadic decomposition;dictionary learning;matrix/tensor completion;non-negative matrix/tensor factorization}, 
doi={10.1109/TSP.2016.2576427}, 
ISSN={1053-587X}, 
month={Oct},}

@inproceedings{AGKM2012,
  title={Computing a nonnegative matrix factorization--provably},
  author={Arora, Sanjeev and Ge, Rong and Kannan, Ravindran and Moitra, Ankur},
  booktitle={Proceedings of the forty-fourth annual ACM symposium on Theory of computing},
  pages={145--162},
  year={2012},
  organization={ACM}
}

@article{HS2014,
  title={Putting nonnegative matrix factorization to the test: a tutorial derivation of pertinent Cramer?Rao bounds and performance benchmarking},
  author={Huang, Kejun and Sidiropoulos, Nicholas D},
  journal={IEEE Signal Processing Magazine},
  volume={31},
  number={3},
  pages={76--86},
  year={2014},
  publisher={IEEE}
}

@ARTICLE{HSS2014, 
author={K. Huang and N. D. Sidiropoulos and A. Swami}, 
journal={IEEE Transactions on Signal Processing}, 
title={Non-Negative Matrix Factorization Revisited: Uniqueness and Algorithm for Symmetric Decomposition}, 
year={2014}, 
volume={62}, 
number={1}, 
pages={211-224}, 
keywords={matrix decomposition;optimisation;statistical analysis;NP-complete problem;Procrustes projection;Procrustes rotation;asymmetric NMF;clustering problem;coauthorship data;conic hull;dominant subspace;element wise nonnegative square root factorization;nonnegative matrix factorization;semidefinite matrix;sparse latent factor;sufficient condition;symmetric decomposition;uniqueness property;Clustering algorithms;Linear matrix inequalities;Matrix decomposition;Prototypes;Signal processing algorithms;Symmetric matrices;Vectors;Nonnegative matrix factorization (NMF);Procrustes rotation;sparsity;symmetric NMF;uniqueness}, 
doi={10.1109/TSP.2013.2285514}, 
ISSN={1053-587X}, 
month={Jan},}

@inproceedings{HSS2013,
  title={NMF revisited: New uniqueness results and algorithms},
  author={Huang, Kejun and Sidiropoulos, Nikos D and Swamiy, A},
  booktitle={Acoustics, Speech and Signal Processing (ICASSP), 2013 IEEE International Conference on},
  pages={4524--4528},
  year={2013},
  organization={IEEE}
}

@inproceedings{HFS2016,
  title={Anchor-free correlated topic modeling: Identifiability and algorithm},
  author={Huang, Kejun and Fu, Xiao and Sidiropoulos, Nikolaos D},
  booktitle={Advances in Neural Information Processing Systems},
  pages={1786--1794},
  year={2016}
}


